<?xml version="1.0" encoding="UTF-8"?><collection xmlns="http://www.loc.gov/MARC21/slim"><record><leader>00359nam--2200133-i-4500</leader><controlfield tag="001">000013138</controlfield><controlfield tag="002">20161230</controlfield><controlfield tag="005">20161230201030</controlfield><controlfield tag="008">060222s1000------------r-----000-0-eng-d</controlfield><datafield ind1=" " ind2=" " tag="080"><subfield code="a">621.384.653.4(420)</subfield></datafield><datafield ind1=" " ind2=" " tag="245"><subfield code="a">The oxford folded tandem</subfield></datafield><datafield ind1=" " ind2=" " tag="260"><subfield code="a">Oxford, Nuclear Physics Laboratory, 1979 62 P. + 2.22 Fig</subfield></datafield><datafield ind1=" " ind2=" " tag="700"><subfield code="a">Barrat, P.J.S.B./S.A.</subfield></datafield><datafield ind1=" " ind2=" " tag="852"><subfield code="a">47424</subfield></datafield></record></collection>